<?xml version="1.0" encoding="utf-8"?>
<record xmlns="http://www.loc.gov/MARC21/slim" xmlns:xsi="http://www.w3.org/2001/XMLSchema-instance" xsi:schemaLocation="http://www.loc.gov/MARC21/slim http://www.loc.gov/standards/marcxml/schema/MARC21slim.xsd">
	<leader>     nam a22        4500</leader>
	<controlfield tag="001">2752255</controlfield>
	<controlfield tag="003">NNC</controlfield>
	<controlfield tag="006">m        d        </controlfield>
	<controlfield tag="007">cr cn |||m|||a</controlfield>
	<controlfield tag="008">171211m19511977iq h    ob    000 0carar </controlfield>
	<datafield ind1=" " ind2=" " tag="040">
		<subfield code="a">NNU</subfield>
		<subfield code="b">eng</subfield>
		<subfield code="e">rda</subfield>
		<subfield code="c">NNU</subfield>
	</datafield>
	<datafield ind1=" " ind2=" " tag="066">
		<subfield code="c">(3</subfield>
	</datafield>
	<datafield ind1=" " ind2=" " tag="043">
		<subfield code="a">a-iq---</subfield>
	</datafield>
	<datafield ind1="0" ind2="0" tag="050">
		<subfield code="a">DS51.B3</subfield>
		<subfield code="b">I2</subfield>
	</datafield>
	<datafield ind1="1" ind2=" " tag="100">
		<subfield code="6">880-01</subfield>
		<subfield code="a">Ibn al-Dubaythī, Muḥammad ibn Saʻīd,</subfield>
		<subfield code="d">1163-1239.</subfield>
	</datafield>
	<datafield ind1="1" ind2="3" tag="245">
		<subfield code="6">880-02</subfield>
		<subfield code="a">al-Mukhtaṣar al-muḥtāj ilayh min tārīkh Abī ʻAbd Allāh Muḥammmad Saʻīd ibn Muḥammad ibn al-Dubaythī /</subfield>
		<subfield code="c">intiqāʼ Muḥammad ibn Aḥmad ibn ʻUthmān al-Dhahabī, wa-fīhi ziyādah Fawāʼid fī al-tarājim lahu wa-li-shuyūkh ākharīn / ʻUniya bi-taḥqīqihi wa-al-taʻlīq ʻalayhi wa-nashrihi Muṣṭafá Jawād.</subfield>
	</datafield>
	<datafield ind1=" " ind2=" " tag="260">
		<subfield code="6">880-03</subfield>
		<subfield code="a">Baghdād :</subfield>
		<subfield code="b">Maṭbaʻat al-Maʻārif,</subfield>
		<subfield code="c">1951-1977.</subfield>
	</datafield>
	<datafield ind1=" " ind2=" " tag="300">
		<subfield code="a">online resource (3 volumes) :</subfield>
		<subfield code="b">facsimiles</subfield>
	</datafield>
	<datafield ind1=" " ind2=" " tag="336">
		<subfield code="a">text</subfield>
		<subfield code="2">rdacontent</subfield>
	</datafield>
	<datafield ind1=" " ind2=" " tag="337">
		<subfield code="a">computer</subfield>
		<subfield code="2">rdamedia</subfield>
	</datafield>
	<datafield ind1=" " ind2=" " tag="338">
		<subfield code="a">online resource</subfield>
		<subfield code="2">rdacarrier</subfield>
	</datafield>
	<datafield ind1="1" ind2=" " tag="490">
		<subfield code="6">880-04</subfield>
		<subfield code="a">Maṭbūʻāt al-Majmaʻ al-ʻIlmī al-ʻIrāqī</subfield>
	</datafield>
	<datafield ind1=" " ind2=" " tag="500">
		<subfield code="6">880-05</subfield>
		<subfield code="a">&quot;Hādhā mukhtār muḥtāj ilayhi min Tārīkh ... ibn al-Dubaythī alladhī jaʻalahu dhaylan ʻalá Tārīkh Abī Saʻd al-Simʻānī al-Ḥāfiẓ al-mudhayyal ʻalá Tārīkh Baghdād lil-Ḥāfiẓ Abī Bakr Aḥmad ibn ʻAlī al-Khaṭīb&quot;--V. 1, p. 1.</subfield>
	</datafield>
	<datafield ind1=" " ind2=" " tag="500">
		<subfield code="a">Part of the Arabic Collections Online (ACO) project, contributed by Columbia University Libraries.</subfield>
	</datafield>
	<datafield ind1=" " ind2=" " tag="504">
		<subfield code="a">Includes bibliographical references.</subfield>
	</datafield>
	<datafield ind1=" " ind2=" " tag="533">
		<subfield code="a">Electronic reproduction.</subfield>
		<subfield code="b">New York, N.Y. :</subfield>
		<subfield code="c">New York University,</subfield>
		<subfield code="d">2017.</subfield>
		<subfield code="5">NNU</subfield>
	</datafield>
	<datafield ind1=" " ind2="0" tag="651">
		<subfield code="a">Baghdad (Iraq)</subfield>
		<subfield code="v">Biography.</subfield>
	</datafield>
	<datafield ind1=" " ind2="7" tag="651">
		<subfield code="a">Iraq</subfield>
		<subfield code="z">Baghdad.</subfield>
		<subfield code="2">fast</subfield>
		<subfield code="0">(OCoLC)fst01207444</subfield>
	</datafield>
	<datafield ind1=" " ind2="7" tag="655">
		<subfield code="a">Biography.</subfield>
		<subfield code="2">fast</subfield>
		<subfield code="0">(OCoLC)fst01423686</subfield>
	</datafield>
	<datafield ind1="1" ind2=" " tag="700">
		<subfield code="6">880-06</subfield>
		<subfield code="a">Dhahabī, Muḥammad ibn Aḥmad,</subfield>
		<subfield code="d">1274-1348.</subfield>
	</datafield>
	<datafield ind1="1" ind2=" " tag="700">
		<subfield code="6">880-07</subfield>
		<subfield code="a">Jawād, Muṣṭafá,</subfield>
		<subfield code="d">1905-1969.</subfield>
	</datafield>
	<datafield ind1="2" ind2=" " tag="710">
		<subfield code="a">Columbia University.</subfield>
		<subfield code="b">Libraries.</subfield>
	</datafield>
	<datafield ind1="0" ind2=" " tag="730">
		<subfield code="a">Arabic Collections Online.</subfield>
	</datafield>
	<datafield ind1="0" ind2="8" tag="776">
		<subfield code="i">Online version:</subfield>
		<subfield code="a">Ibn al-Dubaythī, Muhammad ibn Saʻīd, 1163-1239.</subfield>
		<subfield code="t">Mukhtaṣar al-muḥtāj ilayh min tārīkh Abī ʻAbd Allāh Muḥammmad Saʻīd ibn Muḥammad ibn al-Dubaythī.</subfield>
		<subfield code="d">Baghdād : Maṭbaʻat al-Maʻārif, 1951-1977</subfield>
		<subfield code="w">(OCoLC)560038973</subfield>
	</datafield>
	<datafield ind1="0" ind2="8" tag="776">
		<subfield code="i">Online version:</subfield>
		<subfield code="a">Ibn al-Dubaythī, Muhammad ibn Saʻīd, 1163-1239.</subfield>
		<subfield code="t">Mukhtaṣar al-muḥtāj ilayh min tārīkh Abī ʻAbd Allāh Muḥammmad Saʻīd ibn Muḥammad ibn al-Dubaythī.</subfield>
		<subfield code="d">Baghdād : Maṭbaʻat al-Maʻārif, 1951-1977</subfield>
		<subfield code="w">(OCoLC)591756366</subfield>
	</datafield>
	<datafield ind1="0" ind2="8" tag="776">
		<subfield code="i">Online version:</subfield>
		<subfield code="a">Ibn al-Dubaythī, Muhammad ibn Saʻīd, 1163-1239.</subfield>
		<subfield code="t">Mukhtaṣar al-muḥtāj ilayh min tārīkh Abī ʻAbd Allāh Muḥammmad Saʻīd ibn Muḥammad ibn al-Dubaythī.</subfield>
		<subfield code="d">Baghdād : Maṭbaʻat al-Maʻārif, 1951-1977</subfield>
		<subfield code="w">(OCoLC)608608854</subfield>
	</datafield>
	<datafield ind1="0" ind2="8" tag="776">
		<subfield code="i">Print version:</subfield>
		<subfield code="a">Ibn al-Dubaythī, Muḥammad ibn Saʻīd, 1163-1239.</subfield>
		<subfield code="t">al-Mukhtaṣar al-muḥtāj ilayh min tārīkh Abī ʻAbd Allāh Muḥammmad Saʻīd ibn Muḥammad ibn al-Dubaythī</subfield>
		<subfield code="w">(NNC)2752255</subfield>
		<subfield code="w">(DLC)ne 61000014 </subfield>
		<subfield code="w">(OCoLC)19170671</subfield>
	</datafield>
	<datafield ind1=" " ind2="0" tag="830">
		<subfield code="6">880-08</subfield>
		<subfield code="a">Maṭbūʻāt al-Majmaʻ al-ʻIlmī al-ʻIrāqī.</subfield>
	</datafield>
	<datafield ind1="4" ind2="0" tag="856">
		<subfield code="u">http://hdl.handle.net/2333.1/ghx3fmqr</subfield>
	</datafield>
	<datafield ind1="1" ind2=" " tag="880">
		<subfield code="6">100-01/(3/r</subfield>
		<subfield code="a">ابن الدبيثي، محمد بن سعيد،,</subfield>
		<subfield code="d">1163-1239.</subfield>
	</datafield>
	<datafield ind1="1" ind2="2" tag="880">
		<subfield code="6">245-02/(3/r</subfield>
		<subfield code="a">المختصر المحتاج اليه من تاريخ ابي عبد الله محممد سعيد بن محمد بن الدبيثي /</subfield>
		<subfield code="c">انتقاء محمد بن احمد بن عثمان الذهبي، وفيه زيادة فوائد في التراجم له ولشيوخ آخرين / عني بتحقيقه والتعليق عليه ونشره مصطفى جواد.</subfield>
	</datafield>
	<datafield ind1=" " ind2=" " tag="880">
		<subfield code="6">260-03/(3/r</subfield>
		<subfield code="a">بغداد :</subfield>
		<subfield code="b">مطبعة المعارف،</subfield>
		<subfield code="c">1951-1977.</subfield>
	</datafield>
	<datafield ind1="1" ind2=" " tag="880">
		<subfield code="6">490-04/(3/r</subfield>
		<subfield code="a">مطبوعات المجمع العلمي العراقي</subfield>
	</datafield>
	<datafield ind1=" " ind2=" " tag="880">
		<subfield code="6">500-05/(3/r</subfield>
		<subfield code="a">&quot;هذا مختار محتاج اليه من تاريخ ... بن الدبيثي الذي جعله ذيلا على تاريخ ابي سعد السمعاني الحافظ المذيل على تاريخ بغداد للحافظ ابي بكر احمد بن علي الخطيب.&quot;</subfield>
	</datafield>
	<datafield ind1="1" ind2=" " tag="880">
		<subfield code="6">700-06/(3/r</subfield>
		<subfield code="a">ذهبي، محمد بن أحمد،,</subfield>
		<subfield code="d">1274-1348.</subfield>
	</datafield>
	<datafield ind1="1" ind2=" " tag="880">
		<subfield code="6">700-07/(3/r</subfield>
		<subfield code="a">جواد، مصطفى،,</subfield>
		<subfield code="d">1905-1969.</subfield>
	</datafield>
	<datafield ind1=" " ind2="0" tag="880">
		<subfield code="6">830-08/(3/r</subfield>
		<subfield code="a">مطبوعات المجمع العلمي العراقي.</subfield>
	</datafield>
	<datafield ind1=" " ind2=" " tag="959">
		<subfield code="a">NNU</subfield>
		<subfield code="b">WEB</subfield>
		<subfield code="c">GENI</subfield>
		<subfield code="t">0</subfield>
		<subfield code="m">Electronic access</subfield>
		<subfield code="s">01</subfield>
	</datafield>
	<datafield ind1=" " ind2=" " tag="999">
		<subfield code="i">NNC_2752255</subfield>
		<subfield code="o">(OCoLC)ocm19170671</subfield>
		<subfield code="s">columbia_aco003065:v.1</subfield>
		<subfield code="s">columbia_aco003066:v.2</subfield>
	</datafield>
</record>
